@ARTICLE{monParsing,
    author = {Graham Hutton and Erik Meijer},
    title = {Monadic Parser Combinators},
    year = {1996},
    journal = {Технический отчёт NOTTCS-TR-96-4} 
}

@ARTICLE{wadlerSuccess,
    author = {Philip Wadler},
    title = {How To Replace a Failure by a List of Successes},
    year = {1985},
    journal = {Конференция по функциональному программированию и архитектуре компьютеров. Springer–Verlag.} 
}

@ARTICLE{wadlerMonads,
    author = {Philip Wadler},
    title = {Monads for functional programming},
    year = {1995},
    journal = {Advanced Functional Programming, Bastad Spring School.} 
}

@ARTICLE{monadTransformers,
    author = {Sheng Liang
              , Paul Hudak
              , Mark Jones},
    title = {Monad Transformers and Modular Interpreters},
    year = {1995},
    journal = {22nd ACM SIGPLAN-SIGACT Symposium on Principles of Programming Languages, San Francisco, CA.} 
}

@ARTICLE{extEffects,
    author = {Oleg Kiselyov
              , Amr Sabry
              , Cameron Swords},
    title = {Extensible Effects: An Alternative to Monad Transformers},
    year = {2013},
    journal = {Haskell Symposium 2013,
               Boston, MA, USA,
               23–24 September 2013} 
}

@ARTICLE{monoids,
    author = {Mario Blaževic},
    title = {Adding Structure to Monoids},
    year = {2013},
    journal = {Haskell Symposium 2013,
               Boston, MA, USA,
               23–24 September 2013} 
}

@ARTICLE{composingMonads,
    author = {Mark P. Jones
              , Luc Duponcheel},
    title = {Composing monads},
    year = {1993},
    journal = {Отчёт об исследовании YALEU/DCS/RR-1004, December 1993} 
}

@ARTICLE{effAndHandl,
    author = {Andrej Bauer
              , Matija Pretnar},
    title = {Programming with Algebraic Effects and Handlers},
    year = {2012},
    journal = {arXiv:1203.1539 [cs.PL]} 
}

@MVBOOK{TeorCat,
    author = {Michael Barr, Charles Wells},
    title = {Category Theory For Computing Science},
    year = {2012}, 
    language = {english},
    publisher = {Reprints in Theory and Applications of Categories, No. 22},
    location = {М.},
    hyphenation = {englosh},
    url = {http://www.tac.mta.ca/tac/reprints/articles/22/tr22.pdf}
}

@ONLINE{entscheidungsproblem,
    title = {Entscheidungsproblem, статья из английской Википедии},
    language = {english},
    hyphenation = {english},
    url = {https://en.wikipedia.org/wiki/Entscheidungsproblem},
    urldate = {2015-01-01},
    number = {1}
}

@ONLINE{fileTrigger,
    title = {Репозиторий с кодом утилиты File Trigger},
    language = {english},
    url = {https://github.com/geo2a/file-trigger},
    urldate = {2015-05-23},
}

@ONLINE{mdParse,
    title = {Репозиторий с кодом библиотеки пасреров и парсера Markdown},
    url = {https://github.com/geo2a/markdown_monparsing/tree/experimental},
    urldate = {2015-05-23},
}

@ONLINE{extEffParsers,
    title = {Репозиторий с кодом библиотеки пасреров, основанной на расширяемых 
    эффектах},
    url = {https://github.com/geo2a/ext-effects-parsers},
    urldate = {2015-05-23},
}

@ONLINE{markdownSyntax,
    title = {Синтаксис языка Markdown},
    language = {english},
    hyphenation = {english},
    url = {http://daringfireball.net/projects/markdown/syntax},
    urldate = {2015-05-29},
}

@ONLINE{GFM,
    title = {GitHub Flavoured Murkdown},
    language = {english},
    hyphenation = {english},
    url = {https://guides.github.com/features/mastering-markdown/#GitHub-flavored-markdown},
    urldate = {2016-12-20},
}

@ONLINE{mathJax,
    title = {MathJax, библиотека для отображения \LaTeX~в веб-браузерах},
    language = {english},
    hyphenation = {english},
    url = {https://www.mathjax.org/},
    urldate = {2015-05-29},
}

@ONLINE{parsec,
    title = {Parsec, универсальаня библиотека монадических комбинаторов парсеров},
    language = {english},
    hyphenation = {english},
    url = {https://github.com/aslatter/parsec},
    urldate = {2015-06-01},
}

@ONLINE{attoparsec,
    title = {Attoparsec, быстрая Haskell-библиотека для разбора ByteString},
    language = {english},
    hyphenation = {english},
    url = {https://github.com/bos/attoparsec},
    urldate = {2015-06-01},
}

@ONLINE{mtlHackage,
    title = {Monad transformers library},
    language = {english},
    hyphenation = {english},
    url = {http://hackage.haskell.org/package/mtl},
    urldate = {2016-10-18},
}

@ONLINE{extensibleEffectsHackage,
    title = {Extensible effects library},
    language = {english},
    hyphenation = {english},
    url = {https://hackage.haskell.org/package/extensible-effects},
    urldate = {2016-10-18},
}

@ONLINE{monoidSubclassesHackage,
    title = {Monoid subclasses library},
    language = {english},
    hyphenation = {english},
    url = {https://hackage.haskell.org/package/monoid-subclasses},
    urldate = {2016-10-18},
}

@ONLINE{pandoc,
    title = {Pandoc, универсальный конвертер документов},
    language = {english},
    hyphenation = {english},
    url = {http://pandoc.org/},
    urldate = {2015-06-01},
}

@ONLINE{github,
    title = {GitHub},
    language = {english},
    hyphenation = {english},
    url = {https://github.com/},
    urldate = {2015-06-01},
}
