@ARTICLE{MonParsing,
    author = {Graham Hutton and Erik Meijer},
    title = {Monadic Parser Combinators},
    year = {1996},
    journal = {Технический отчёт NOTTCS-TR-96-4} 
}

@ARTICLE{WadlerSuccess,
    author = {Philip Wadler},
    title = {How To Replace a Failure by a List of Successes},
    year = {1985},
    journal = {Конференция по функциональному программированию и архитектуре компьютеров. Springer–Verlag.} 
}

@ARTICLE{WadlerMonads,
    author = {Philip Wadler},
    title = {Monads for functional programming},
    year = {1995},
    journal = {Advanced Functional Programming, Bastad Spring School.} 
}

@ARTICLE{MonadTransformers,
    author = {Sheng Liang
              , Paul Hudak
              , Mark Jones},
    title = {Monad Transformers and Modular Interpreters},
    year = {1995},
    journal = {22nd ACM SIGPLAN-SIGACT Symposium on Principles of Programming Languages, San Francisco, CA.} 
}

@ARTICLE{ExtEffects,
    author = {Oleg Kiselyov
              , Amr Sabry
              , Cameron Swords},
    title = {Extensible Effects: An Alternative to Monad Transformers},
    year = {2013},
    journal = {Haskell Symposium 2013,
               Boston, MA, USA,
               23–24 September 2013} 
}

@ARTICLE{MonoidSubclasses,
    author = {Mario Blaževic},
    title = {Adding Structure to Monoids},
    year = {2013},
    journal = {Haskell Symposium 2013,
               Boston, MA, USA,
               23–24 September 2013} 
}

@ARTICLE{ComposingMonads,
    author = {Mark P. Jones
              , Luc Duponcheel},
    title = {Composing monads},
    year = {1993},
    journal = {Отчёт об исследовании YALEU/DCS/RR-1004, December 1993} 
}

@ONLINE{Entscheidungsproblem,
    title = {Entscheidungsproblem, статья из английской Википедии},
    language = {english},
    hyphenation = {english},
    url = {https://en.wikipedia.org/wiki/Entscheidungsproblem},
    urldate = {2015-01-01},
}

@ONLINE{FileTrigger,
    title = {Репозиторий с кодом утилиты File Trigger},
    language = {english},
    url = {https://github.com/geo2a/file-trigger},
    urldate = {2015-05-23},
}

@ONLINE{MDParse,
    title = {Репозиторий с кодом библиотеки пасреров и парсера Markdown},
    url = {https://github.com/geo2a/markdown_monparsing/tree/experimental},
    urldate = {2015-05-23},
}

@ONLINE{MarkdownSyntax,
    title = {Синтаксис языка Markdown},
    language = {english},
    hyphenation = {english},
    url = {http://daringfireball.net/projects/markdown/syntax},
    urldate = {2015-05-29},
}

@ONLINE{MathJax,
    title = {MathJax, библиотека для отображения \LaTeX в веб-браузерах},
    language = {english},
    hyphenation = {english},
    url = {https://www.mathjax.org/},
    urldate = {2015-05-29},
}

@ONLINE{Parsec,
    title = {Parsec, универсальаня библиотека монадических комбинаторов парсеров},
    language = {english},
    hyphenation = {english},
    url = {https://github.com/aslatter/parsec},
    urldate = {2015-06-1},
}

@ONLINE{Attoparsec,
    title = {Attoparsec, быстрая Haskell-библиотека для разбора ByteString},
    language = {english},
    hyphenation = {english},
    url = {https://github.com/bos/attoparsec},
    urldate = {2015-06-1},
}

@ONLINE{Pandoc,
    title = {Pandoc, универсальный конвертер документов},
    language = {english},
    hyphenation = {english},
    url = {http://pandoc.org/},
    urldate = {2015-06-1},
}